@www{ict,
  author       = {ictvietnam.vn},
  title        = {Hơn 66.000 lỗ hổng được phát hiện trong năm 2021},
  url          = {https://ictvietnam.vn/hon-66000-lo-hong-duoc-phat-hien-trong-nam-2021-20211209080638449.htm},
  language     = {vi},
  urldate      = {2022-05-06},
  abstract     = {Theo một báo cáo mới đây của HackerOne, trong năm 2021 đã có hơn 66.000 lỗ hổng được phát hiện.},
  journaltitle = {ictvietnam.vn}
}

@WWW{ais22,
  date         = {2022-05-05},
  title        = {Hacker tấn công người dùng web từ các lỗ hổng bảo mật},
  url          = {http://ais.gov.vn/tin-tuc-an-toan-thong-tin/hacker-tan-cong-nguoi-dung-web-tu-cac-lo-hong-bao-mat.htm},
  urldate      = {2022-05-06},
  abstract     = {Một nghiên cứu mới đây từ hãng bảo mật Positive Technologies cho thấy, 82\% lỗ hổng ứng dụng web nằm trong mã nguồn và hầu hết các trang web đều có lỗ hổng rủi ro cao.},
  journaltitle = {ATTT},
}

@WWW{Zap22,
  date  = {2022-05-05},
  title = {Zap Developer Guide},
  url   = {https://www.zaproxy.org/docs/developer/},
}

@WWW{cv22,
  date  = {2022-05-05},
  title = {Cv Stack Web Security Report},
  url   = {https://issuu.com/scsaushi/docs/cystack-web-security-report-2019},
}

@WWW{22,
  author = {OWASP},
  date   = {2022-05-05},
  title  = {OWASP Top 10},
  url    = {https://owasp.org/Top10/},
}

@WWW{Zho22,
  author = {Weilin Zhong},
  date   = {2022-05-05},
  title  = {Command Injection},
  url    = {https://owasp.org/www-community/attacks/Command_Injection},
}

@WWW{Kin22,
  author = {Kingthorin},
  date   = {2022-05-05},
  title  = {SQL Injection},
  url    = {https://owasp.org/www-community/attacks/SQL_Injection},
}

@WWW{Ket22,
  author = {James Kettle},
  date   = {2022-05-05},
  title  = {Server-Side Template Injection},
  url    = {https://portswigger.net/research/server-side-template-injection},
}

@WWW{Mus22a,
  author = {Ian Muscat},
  date   = {2022-05-05},
  title  = {What is Local File Inclusion (LFI)?},
  url    = {https://www.acunetix.com/blog/articles/local-file-inclusion-lfi/},
}

@WWW{Mus22,
  author = {Ian Muscat},
  date   = {2022-05-05},
  title  = {What is Remote File Inclusion (RFI)?},
  url    = {https://www.acunetix.com/blog/articles/remote-file-inclusion-rfi/},
}

@Comment{jabref-meta: databaseType:biblatex;}

@Comment{jabref-meta: keypatterndefault:[auth3][shortyear];}
